=LDR  02146 am a22005533  4500
=001  016286270
=003  Uk
=005  20200626182751.0
=007  cr\mn\024mpadp
=007  cr\mn\024mpada
=008  880208|1917|||||||\\\\|s\\\\\|||\||eng\\
=FMT  \\$a  BK
=040  \\$aUk$cUk
=100  1\$aCADELL, Henry Moubray.
=245  10$aRhymes for the Times. Kaiser William the Hun and his place in the Sun ... Second edition.$h[electronic resource]
=264  \1$aEdinburgh :$bT. & A. Constable,$c1917.
=300  \\$avii, 23 pages ;$c(8º)
=336  \\$atext$2rdacontent
=337  \\$acomputer$2rdamedia
=338  \\$aonline resource$2rdacarrier
=859  \\$aXLD$bMS Digitised
=859  \\$aXLD$bMSD
=859  \\$aXLD$bWW1
=852  4\$cDRT$jDigital Store 011648.ee.38.$aBritish Library$bHMNTS
=985  \\$aCorrected by MS generated file for WR# 11/211
=985  \\$aCorrected by MS generated file for WR# 1805-0738
=CAT  \\$aBATCH-MSDN$b00$c20130227$lBLL01$h1541
=CAT  \\$aMSD-SUPP$c20130227$lBLL01$h1832
=CAT  \\$aBATCH-UPD$b00$c20130318$lBLL01$h1050
=CAT  \\$aWR13.117$c20130720$lBLL01$h1920
=CAT  \\$aBATCH-DCW$b00$c20131123$lBLL01$h2128
=CAT  \\$aWR14.046$c20140417$lBLL01$h1724
=CAT  \\$aWR13.144/5$c20140418$lBLL01$h1042
=CAT  \\$aWR11_211$c20141230$lBLL01$h1735
=CAT  \\$aBLSS-CORR$b00$c20141230$lBLL01$h1744
=CAT  \\$aBATCH-DCW$b00$c20160710$lBLL01$h1009
=CAT  \\$aW1807-0595$c20180717$lBLL01$h1729
=CAT  \\$a1805-0738$c20181228$lBLL01$h1832
=CAT  \\$a1805-0738$b00$c20181228$lBLL01$h1917
=CAT  \\$aW2001-2376$c20200626$lBLL01$h1827
=FIN  \\$aY$d20130227
=LKR  \\$aPAR$lBLL01$r776$b000563896$mRhymes for the Times. Kaiser William the Hun and his place in the Sun ... Second edition.$nRhymes for the Times. Kaiser William the Hun and his place in the Sun ... Second edition.
=DGM  \\$a000563896$bCatBridge variable field
=DRT  \\$aMSD
=DRT  \\$aWW1
=SRC  \\$aMSD$bMSBooks_20160709
=SRC  \\$aMSD$bmsdig_000172
=SRC  \\$aWW1$bEuropeana_Collections_1914-1918_20131008_1
=LAS  \\$aW2001-2376$b00$c20200626$lBLL01$h1827

