=LDR  02337 am a22005773  4500
=001  016286535
=003  Uk
=005  20200626182758.0
=007  cr\mn\024mpadp
=007  cr\mn\024mpada
=008  880421|1919||||enk\\\\|s\\\\\|||\||eng\\
=FMT  \\$a  BK
=040  \\$aUk$cUk
=100  1\$aDAY, Miles Jeffery Game.
=245  10$aPoems and Rhymes. [With a memoir of the author, signed: E. H. Y., i.e. Edward Hilton Young. With a portrait.]$h[electronic resource]
=264  \1$aLondon :$bSidgwick & Jackson,$c1919.
=300  \\$a65 pages ;$c(8º)
=336  \\$atext$2rdacontent
=337  \\$acomputer$2rdamedia
=338  \\$aonline resource$2rdacarrier
=700  1\$aYOUNG, Edward Hilton,$cBaron Kennet.
=886  2\$2blmarc$a709$b00$aYOUNG$hEdward Hilton$fBaron Kennet$p011648.f.92.$x3580690140
=859  \\$aXLD$bMS Digitised
=859  \\$aXLD$bMSD
=859  \\$aXLD$bWW1
=852  4\$aBritish Library$bHMNTS$cDRT$jDigital Store 011648.f.92.
=985  \\$aUpgraded by BSS-generated file for WR1910-0531
=CAT  \\$aBATCH-MSDN$b00$c20130227$lBLL01$h1541
=CAT  \\$aMSD-SUPP$c20130227$lBLL01$h1832
=CAT  \\$aBATCH-UPD$b00$c20130318$lBLL01$h1050
=CAT  \\$aWR13.117$c20130720$lBLL01$h1920
=CAT  \\$aBATCH-DCW$b00$c20131218$lBLL01$h1345
=CAT  \\$aWR14.046$c20140417$lBLL01$h1724
=CAT  \\$aWR13.144/5$c20140418$lBLL01$h1043
=CAT  \\$aWR11_211$c20141230$lBLL01$h1735
=CAT  \\$aBLSS-CORR$b00$c20141230$lBLL01$h1744
=CAT  \\$aBATCH-DCW$b00$c20160710$lBLL01$h1009
=CAT  \\$aW1807-0595$c20180717$lBLL01$h1729
=CAT  \\$a1805-0738$c20181228$lBLL01$h1833
=CAT  \\$a1805-0738$b00$c20181228$lBLL01$h1917
=CAT  \\$aW1910-0531$b00$c20191108$lBLL01$h1813
=CAT  \\$aW2001-2376$c20200626$lBLL01$h1827
=FIN  \\$aY$d20130227
=LKR  \\$aPAR$lBLL01$r776$b000884640$mPoems and Rhymes. [With a memoir of the author, signed: E. H. Y., i.e. Edward Hilton Young. With a portrait.]$nPoems and Rhymes. [With a memoir of the author, signed: E. H. Y., i.e. Edward Hilton Young. With a portrait.]
=DGM  \\$a000884640$bCatBridge variable field
=DRT  \\$aMSD
=DRT  \\$aWW1
=SRC  \\$aMSD$bMSBooks_20160709
=SRC  \\$aMSD$bmsdig_000172
=SRC  \\$aWW1$bEuropeana_Collections_1914-1918_20131209_1
=LAS  \\$aW2001-2376$b00$c20200626$lBLL01$h1827

