=LDR  02434 am a22006613  4500
=001  016286646
=003  Uk
=005  20200626182800.0
=007  cr\mn\024mpadp
=007  cr\mn\024mpada
=008  880603|1915||||enk\\\\|s\\\\\|||\||eng\\
=FMT  \\$a  BK
=040  \\$aUk$cUk
=100  1\$aDrinkwater, John,$d1882-1937.
=240  10$aSingle Works
=245  10$aSwords and Ploughshares. [Poems.]$h[electronic resource]
=264  \1$aLondon :$bSidgwick & Jackson,$c1915.
=300  \\$a56 pages ;$c(8º)
=336  \\$atext$2rdacontent
=337  \\$acomputer$2rdamedia
=338  \\$aonline resource$2rdacarrier
=859  \\$aXLD$bMS Digitised
=859  \\$aXLD$bMSD
=859  \\$aXLD$bWW1
=852  4\$cDRT$jDigital Store 011649.g.45.$aBritish Library$bHMNTS
=985  \\$aEnhanced by MS generated file for WR# 12/139
=985  \\$aCorrected by MS generated file for WR# 1805-0738
=CAT  \\$aBATCH-MSDN$b00$c20130227$lBLL01$h1541
=CAT  \\$aMSD-SUPP$c20130227$lBLL01$h1832
=CAT  \\$aBATCH-UPD$b00$c20130318$lBLL01$h1050
=CAT  \\$aWR12.139$b00$c20130708$lBLL01$h1810
=CAT  \\$aWR13.117$c20130720$lBLL01$h1920
=CAT  \\$aBATCH-DCW$b00$c20131120$lBLL01$h1633
=CAT  \\$aBATCH-DCW$b40$c20131121$lBLL01$h1502
=CAT  \\$aBATCH-DCW$b40$c20131121$lBLL01$h1517
=CAT  \\$aBATCH-DCW$b00$c20131121$lBLL01$h1526
=CAT  \\$aBATCH-DCW$b40$c20131121$lBLL01$h1602
=CAT  \\$aBATCH-DCW$b00$c20131121$lBLL01$h1633
=CAT  \\$aBATCH-DCW$b40$c20131121$lBLL01$h1724
=CAT  \\$aBATCH-DCW$b00$c20131121$lBLL01$h1739
=CAT  \\$aBATCH-DCW$b40$c20131121$lBLL01$h1757
=CAT  \\$aBATCH-DCW$b00$c20131121$lBLL01$h1809
=CAT  \\$aWR14.046$c20140417$lBLL01$h1724
=CAT  \\$aWR13.144/5$c20140418$lBLL01$h1043
=CAT  \\$aBATCH-DCW$b00$c20160710$lBLL01$h1009
=CAT  \\$aW1807-0595$c20180717$lBLL01$h1729
=CAT  \\$a1805-0738$c20181228$lBLL01$h1833
=CAT  \\$a1805-0738$b00$c20181228$lBLL01$h1917
=CAT  \\$aW2001-2376$c20200626$lBLL01$h1828
=FIN  \\$aY$d20130227
=LKR  \\$aPAR$lBLL01$r776$b000984063$mSwords and Ploughshares. [Poems.]$nSwords and Ploughshares. [Poems.]
=DGM  \\$a000984063$bCatBridge variable field
=DRT  \\$aMSD
=DRT  \\$aWW1
=SRC  \\$aMSD$bMSBooks_20160709
=SRC  \\$aMSD$bmsdig_000172
=SRC  \\$aWW1$bEuropeana_Collections_1914-1918_Corrections
=LAS  \\$aW2001-2376$b00$c20200626$lBLL01$h1828

