=LDR  02436 am a22005893  4500
=001  016287449
=003  Uk
=005  20200626182817.0
=007  cr\mn\024mpadp
=007  cr\mn\024mpada
=008  890503|1919|||||||\\\\|s\\\\\|||\||eng\\
=FMT  \\$a  BK
=040  \\$aUk$cUk
=100  1\$aMcCrae, John,$d1872-1918.
=245  10$a[In Flanders Fields, and other poems ... With an essay in character by Sir Andrew Macphail.]$h[electronic resource]
=250  \\$a[Another edition.] In Flanders Fields, etc.
=264  \1$aToronto :$bWilliam Briggs,$c1919.
=300  \\$aix, 141 pages ;$c(8º)
=336  \\$atext$2rdacontent
=337  \\$acomputer$2rdamedia
=338  \\$aonline resource$2rdacarrier
=787  0\$tIn Flanders Fields, and other poems ... With an essay in character by Sir Andrew Macphail.$w(Uk)MP1.0002445810$dpp. 167. Hodder & Stoughton: London, 1919. 8º.
=859  \\$aXLD$bMS Digitised
=859  \\$aXLD$bMSD
=859  \\$aXLD$bWW1
=852  4\$aBritish Library$bHMNTS$cDRT$jDigital Store 011649.ff.48.
=985  \\$aCorrected by MS generated file for WR# 11/211
=985  \\$aCorrected by MS generated file for WR# 1805-0738
=CAT  \\$aBATCH-MSDN$b00$c20130227$lBLL01$h1542
=CAT  \\$aMSD-SUPP$c20130227$lBLL01$h1832
=CAT  \\$aBATCH-UPD$b00$c20130318$lBLL01$h1050
=CAT  \\$aWR13.117$c20130720$lBLL01$h1921
=CAT  \\$aBATCH-DCW$b00$c20140120$lBLL01$h1108
=CAT  \\$aWR14.046$c20140417$lBLL01$h1725
=CAT  \\$aWR13.144/5$c20140418$lBLL01$h1043
=CAT  \\$aWR11_211$c20141230$lBLL01$h1735
=CAT  \\$aBLSS-CORR$b00$c20141230$lBLL01$h1744
=CAT  \\$aBATCH-DCW$b00$c20160710$lBLL01$h1009
=CAT  \\$a11814$b40$c20180529$lBLL01$h1452
=CAT  \\$aW1807-0595$c20180717$lBLL01$h1730
=CAT  \\$a1805-0738$c20181228$lBLL01$h1833
=CAT  \\$a1805-0738$b00$c20181228$lBLL01$h1917
=CAT  \\$aW2001-2376$c20200626$lBLL01$h1828
=FIN  \\$aY$d20130227
=LKR  \\$aPAR$lBLL01$r776$b002307733$m[In Flanders Fields, and other poems ... With an essay in character by Sir Andrew Macphail.]$n[In Flanders Fields, and other poems ... With an essay in character by Sir Andrew Macphail.]
=DGM  \\$a002307733$bCatBridge variable field
=DRT  \\$aMSD
=DRT  \\$aWW1
=SRC  \\$aMSD$bMSBooks_20160709
=SRC  \\$aMSD$bmsdig_000172
=SRC  \\$aWW1$bEuropeana_Collections_1914-1918_20140117
=LAS  \\$aW2001-2376$b00$c20200626$lBLL01$h1828

