=LDR  02575 am a22006853  4500
=001  016287491
=003  Uk
=005  20200626182818.0
=007  cr\mn\024mpadp
=007  cr\mn\024mpada
=008  890426|1917||||enk\\\\|s\\\\\|||\||eng\\
=FMT  \\$a  BK
=040  \\$aUk$cUk
=100  1\$aMackintosh, E. A.$q(Ewart Alan),$d1893-1917.
=245  10$aA Highland Regiment. [Poems.]$h[electronic resource]
=264  \1$aLondon ;$aNew York :$bJohn Lane,$c1917.
=300  \\$a96 pages ;$c(8º)
=336  \\$atext$2rdacontent
=337  \\$acomputer$2rdamedia
=338  \\$aonline resource$2rdacarrier
=859  \\$aXLD$bMS Digitised
=859  \\$aXLD$bMSD
=859  \\$aXLD$bWW1
=852  4\$cDRT$jDigital Store 011648.ee.13.$aBritish Library$bHMNTS
=985  \\$aCorrected by MS generated file for WR# 11/211
=985  \\$aEnhanced by MS generated file for WR# 12/139
=985  \\$aCorrected by MS generated file for WR# 1805-0738
=CAT  \\$aBATCH-MSDN$b00$c20130227$lBLL01$h1542
=CAT  \\$aMSD-SUPP$c20130227$lBLL01$h1832
=CAT  \\$aBATCH-UPD$b00$c20130318$lBLL01$h1050
=CAT  \\$aWR12.139$b00$c20130521$lBLL01$h1737
=CAT  \\$aWR13.117$c20130720$lBLL01$h1921
=CAT  \\$aBATCH-DCW$b00$c20131120$lBLL01$h1633
=CAT  \\$aBATCH-DCW$b40$c20131121$lBLL01$h1502
=CAT  \\$aBATCH-DCW$b40$c20131121$lBLL01$h1517
=CAT  \\$aBATCH-DCW$b00$c20131121$lBLL01$h1526
=CAT  \\$aBATCH-DCW$b40$c20131121$lBLL01$h1603
=CAT  \\$aBATCH-DCW$b00$c20131121$lBLL01$h1633
=CAT  \\$aBATCH-DCW$b40$c20131121$lBLL01$h1725
=CAT  \\$aBATCH-DCW$b00$c20131121$lBLL01$h1739
=CAT  \\$aBATCH-DCW$b40$c20131121$lBLL01$h1758
=CAT  \\$aBATCH-DCW$b00$c20131121$lBLL01$h1809
=CAT  \\$aWR14.046$c20140417$lBLL01$h1725
=CAT  \\$aWR13.144/5$c20140418$lBLL01$h1043
=CAT  \\$aWR11_211$c20141230$lBLL01$h1741
=CAT  \\$aBLSS-CORR$b00$c20141230$lBLL01$h1744
=CAT  \\$aBATCH-DCW$b00$c20160710$lBLL01$h1009
=CAT  \\$aW1807-0595$c20180717$lBLL01$h1730
=CAT  \\$a1805-0738$c20181228$lBLL01$h1833
=CAT  \\$a1805-0738$b00$c20181228$lBLL01$h1917
=CAT  \\$aW2001-2376$c20200626$lBLL01$h1828
=FIN  \\$aY$d20130227
=LKR  \\$aPAR$lBLL01$r776$b002324762$mA Highland Regiment. [Poems.]$nA Highland Regiment. [Poems.]
=DGM  \\$a002324762$bCatBridge variable field
=DRT  \\$aMSD
=DRT  \\$aWW1
=SRC  \\$aMSD$bMSBooks_20160709
=SRC  \\$aMSD$bmsdig_000172
=SRC  \\$aWW1$bEuropeana_Collections_1914-1918_Corrections
=LAS  \\$aW2001-2376$b00$c20200626$lBLL01$h1828

