=LDR  01935 am a22005533  4500
=001  016287657
=003  Uk
=005  20200626182822.0
=007  cr\mn\024mpadp
=007  cr\mn\024mpada
=008  890621|1914||||enk\\\\|s\\\\\|||\||eng\\
=FMT  \\$a  BK
=040  \\$aUk$cUk
=100  1\$aMONRO, Harold Edward.
=245  10$aChildren of Love. [Poems.]$h[electronic resource]
=264  \1$aLondon :$bPoetry Bookshop,$c1914.
=300  \\$a31 pages ;$c(4º)
=336  \\$atext$2rdacontent
=337  \\$acomputer$2rdamedia
=338  \\$aonline resource$2rdacarrier
=859  \\$aXLD$bMS Digitised
=859  \\$aXLD$bMSD
=859  \\$aXLD$bWW1
=852  4\$aBritish Library$bHMNTS$cDRT$jDigital Store 011652.m.53.
=985  \\$aUpgraded by BSS-generated file for WR1910-0531
=CAT  \\$aBATCH-MSDN$b00$c20130227$lBLL01$h1542
=CAT  \\$aMSD-SUPP$c20130227$lBLL01$h1832
=CAT  \\$aBATCH-UPD$b00$c20130318$lBLL01$h1050
=CAT  \\$aWR13.117$c20130720$lBLL01$h1921
=CAT  \\$aBATCH-DCW$b00$c20131211$lBLL01$h0652
=CAT  \\$aWR14.046$c20140417$lBLL01$h1725
=CAT  \\$aWR13.144/5$c20140418$lBLL01$h1043
=CAT  \\$aWR11_211$c20141230$lBLL01$h1735
=CAT  \\$aBLSS-CORR$b00$c20141230$lBLL01$h1744
=CAT  \\$aBATCH-DCW$b00$c20160710$lBLL01$h1009
=CAT  \\$aW1807-0595$c20180717$lBLL01$h1730
=CAT  \\$a1805-0738$c20181228$lBLL01$h1833
=CAT  \\$a1805-0738$b00$c20181228$lBLL01$h1917
=CAT  \\$aW1910-0531$b00$c20191108$lBLL01$h1813
=CAT  \\$aW2001-2376$c20200626$lBLL01$h1828
=FIN  \\$aY$d20130227
=LKR  \\$aPAR$lBLL01$r776$b002528643$mChildren of Love. [Poems.]$nChildren of Love. [Poems.]
=DGM  \\$a002528643$bCatBridge variable field
=DRT  \\$aMSD
=DRT  \\$aWW1
=SRC  \\$aMSD$bMSBooks_20160709
=SRC  \\$aMSD$bmsdig_000172
=SRC  \\$aWW1$bEuropeana_Collections_1914-1918_20131206_1
=LAS  \\$aW2001-2376$b00$c20200626$lBLL01$h1828

