=LDR  02450 am a22006613  4500
=001  016288081
=003  Uk
=005  20200626182830.0
=007  cr\mn\024mpadp
=007  cr\mn\024mpada
=008  900109|1915||||enk\\\\|s\\\\\|||\||eng\\
=FMT  \\$a  BK
=040  \\$aUk$cUk
=100  1\$aRAWNSLEY, Hardwicke Drummond.
=245  14$aThe European War, 1914-1915. Poems.$h[electronic resource]
=264  \1$aLondon :$bJ. & J. Bennett,$c[1915]
=300  \\$a219 pages ;$c(8º)
=336  \\$atext$2rdacontent
=337  \\$acomputer$2rdamedia
=338  \\$aonline resource$2rdacarrier
=859  \\$aXLD$bMS Digitised
=859  \\$aXLD$bMSD
=859  \\$aXLD$bWW1
=852  4\$cDRT$jDigital Store 011649.g.48.$aBritish Library$bHMNTS
=985  \\$aUpgraded by BSS-generated file for WR1910-0531
=CAT  \\$aBATCH-MSDN$b00$c20130227$lBLL01$h1542
=CAT  \\$aMSD-SUPP$c20130227$lBLL01$h1832
=CAT  \\$aBATCH-UPD$b00$c20130318$lBLL01$h1050
=CAT  \\$aWR13.117$c20130720$lBLL01$h1921
=CAT  \\$aBATCH-DCW$b00$c20131120$lBLL01$h1633
=CAT  \\$aBATCH-DCW$b40$c20131121$lBLL01$h1503
=CAT  \\$aBATCH-DCW$b40$c20131121$lBLL01$h1517
=CAT  \\$aBATCH-DCW$b00$c20131121$lBLL01$h1526
=CAT  \\$aBATCH-DCW$b40$c20131121$lBLL01$h1604
=CAT  \\$aBATCH-DCW$b00$c20131121$lBLL01$h1633
=CAT  \\$aBATCH-DCW$b40$c20131121$lBLL01$h1726
=CAT  \\$aBATCH-DCW$b00$c20131121$lBLL01$h1739
=CAT  \\$aBATCH-DCW$b40$c20131121$lBLL01$h1759
=CAT  \\$aBATCH-DCW$b00$c20131121$lBLL01$h1809
=CAT  \\$aWR14.046$c20140417$lBLL01$h1725
=CAT  \\$aWR13.144/5$c20140418$lBLL01$h1043
=CAT  \\$aWR11_211$c20141230$lBLL01$h1735
=CAT  \\$aBLSS-CORR$b00$c20141230$lBLL01$h1744
=CAT  \\$aBATCH-DCW$b00$c20160710$lBLL01$h1009
=CAT  \\$aW1807-0595$c20180717$lBLL01$h1730
=CAT  \\$a1805-0738$c20181228$lBLL01$h1833
=CAT  \\$a1805-0738$b00$c20181228$lBLL01$h1917
=CAT  \\$aW1910-0531$b00$c20191108$lBLL01$h1813
=CAT  \\$aW2001-2376$c20200626$lBLL01$h1828
=FIN  \\$aY$d20130227
=LKR  \\$aPAR$lBLL01$r776$b003048225$mThe European War, 1914-1915. Poems.$nThe European War, 1914-1915. Poems.
=DGM  \\$a003048225$bCatBridge variable field
=DRT  \\$aMSD
=DRT  \\$aWW1
=SRC  \\$aMSD$bMSBooks_20160709
=SRC  \\$aMSD$bmsdig_000172
=SRC  \\$aWW1$bEuropeana_Collections_1914-1918_Corrections
=LAS  \\$aW2001-2376$b00$c20200626$lBLL01$h1828

