=LDR  02005 am a22005653  4500
=001  014939889
=003  Uk
=005  20200626182522.0
=007  cr\mn\024mpadp
=007  cr\mn\024mpada
=008  900214|1920||||enk\\\\|s\\\\\|||\||eng\\
=FMT  \\$a  BK
=040  \\$aUk$cUk
=100  1\$aRutter, Owen,$d1889-1944.
=245  14$aThe Song of Tiadatha. [A poem.]$h[electronic resource]
=264  \1$aLondon :$bT. Fisher Unwin,$c1920.
=300  \\$a144 pages ;$c(8º)
=336  \\$atext$2rdacontent
=337  \\$acomputer$2rdamedia
=338  \\$aonline resource$2rdacarrier
=859  \\$aXLD$bMS Digitised
=859  \\$aXLD$bMSD
=859  \\$aXLD$bWW1
=852  4\$aBritish Library$bHMNTS$cDRT$jDigital Store 011648.ff.94.
=985  \\$aUpgraded by BSS-generated file for WR1910-0531
=CAT  \\$aBATCH-MSDN$b00$c20090326$lBLL01$h0815
=CAT  \\$aBATCH$b00$c20090326$lBLL01$h0832
=CAT  \\$aBATCH-UPD$b00$c20100501$lBLL01$h0050
=CAT  \\$a5194$b40$c20120420$lBLL01$h1457
=CAT  \\$aWR13.117$c20130720$lBLL01$h1919
=CAT  \\$aBATCH-DCW$b00$c20131211$lBLL01$h0652
=CAT  \\$aWR14.046$c20140417$lBLL01$h1723
=CAT  \\$aWR13.144/5$c20140418$lBLL01$h1018
=CAT  \\$aWR11_211$c20141230$lBLL01$h1735
=CAT  \\$aBLSS-CORR$b00$c20141230$lBLL01$h1743
=CAT  \\$aBATCH-DCW$b00$c20160710$lBLL01$h1009
=CAT  \\$aW1807-0595$c20180717$lBLL01$h1729
=CAT  \\$a1805-0738$c20181228$lBLL01$h1825
=CAT  \\$a1805-0738$b00$c20181228$lBLL01$h1911
=CAT  \\$aW1910-0531$b00$c20191108$lBLL01$h1813
=CAT  \\$aW2001-2376$c20200626$lBLL01$h1825
=FIN  \\$aY$d20090326
=LKR  \\$aPAR$lBLL01$r776$b003207670$mThe Song of Tiadatha. [A poem.]$nThe Song of Tiadatha. [A poem.]
=DGM  \\$a003207670$bCatBridge variable field
=DRT  \\$aMSD
=DRT  \\$aWW1
=SRC  \\$aMSD$bMSBooks_20160709
=SRC  \\$aMSD$bmsdig_000075
=SRC  \\$aWW1$bEuropeana_Collections_1914-1918_20131206_1
=LAS  \\$aW2001-2376$b00$c20200626$lBLL01$h1825

